@online{wikiSelfDrivingCar,
	title = {Self-driving car},
	urldate = {2018-12-03},
	url = {https://en.wikipedia.org/wiki/Self-driving_car},
}
@online{volvoCars,
	title = {Intellisafe Autopilot Technology},
	urldate = {2018-12-03},
	url = {https://www.volvocars.com/au/about/innovations/intellisafe/autopilot},
}
%@online{ROBORACE,
%	title = {ROBORACE},
%	urldate = {2018-12-03},
%	url = {https://roborace.com},
%}
%@online{F1/tenth,
%	title = {F1/tenth Autonomous Racing Competition},
%	urldate = {2018-12-03},
%	url = {http://f1tenth.org/},
%}
@online{teensy_schematic,
	title = {Car Assembly (Version 1)},
	urldate = {2018-12-04},
	url = {http://f1tenth.org/car-assembly},
}
@online{rqt_graph,
	title = {rqt\_graph},
	year = {2018},
	url = {http://wiki.ros.org/rqt_graph},
	date = {2018-09-17},
	urldate = {2018-12-04},
}
@article{masterthesis,
	author = {Richard Bai and Karl Fredrik Erliksson},
	title = {Motion Planning using Positively Invariant Sets on a Small-Scale Autonomous Vehicle},
	publisher = {Master Thesis on the Department of Automatic Control},
	date = {2018},

}

@article{motionPlanningArticle,
	author = {Brian Paden, Michal CÃ¡p, Sze Zheng Yong, Dmitry Yershov and Emilio Frazzoli
},
	title = {A Survey of Motion Planning and Control
Techniques for Self-driving Urban Vehicles},
	publisher = {Arxiv.org},
	date = {April 2016},

}




@article{openclosed2,
	author = {Alomari, Firas and Menasce, Daniel A.},
	title = {Efficient Response Time Approximations for Multiclass Fork and Join Queues in Open and Closed Queuing Networks},
	journal = {IEEE Trans. Parallel Distrib. Syst.},
	issue_date = {June 2014},
	volume = {25},
	number = {6},
	month = jun,
	year = {2014},
	issn = {1045-9219},
	pages = {1437--1446},
	numpages = {10},
	doi = {10.1109/TPDS.2013.70},
	acmid = {2707624},
	publisher = {IEEE Press},
	address = {Piscataway, NJ, USA},
}

% Useful latex references
@article{IEEETranLatex,
	author = {Michael Shell},
	title = {How to Use the IEEEtran \LaTeX\ Class},
	journaltitle = {Journal of \LaTeX\ Class Files},
	date = {August 2015},
	volume = {14},
	number = {8},
}
	
@online{latexwiki,
	title = {General \LaTeX\ Guide},
	urldate = {2017-10-29},
	url = {https://en.wikibooks.org/wiki/LaTeX},
}

@online{mathslatexwiki,
	title = {\LaTeX\ Guide for Maths},
	urldate = {2017-10-29},
	url = {https://en.wikibooks.org/wiki/LaTeX/Mathematics},
}

@online{tablelatexwiki,
	title = {\LaTeX\ Guide for Tables},
	urldate = {2017-10-29},
	url = {https://en.wikibooks.org/wiki/LaTeX/Tables},
}
